<?xml version="1.0" encoding="UTF-8"?><collection xmlns="http://www.loc.gov/MARC21/slim"><record><leader>00596nam--2200181-i-4500</leader><controlfield tag="001">000042046</controlfield><controlfield tag="002">20161230</controlfield><controlfield tag="005">20161230201043</controlfield><controlfield tag="008">060222s1000------------r-----000-0-eng-d</controlfield><datafield ind1=" " ind2=" " tag="040"><subfield code="a">IFIN-HH</subfield></datafield><datafield ind1=" " ind2=" " tag="080"><subfield code="a">538.114</subfield></datafield><datafield ind1="1" ind2=" " tag="100"><subfield code="a">Snoek,J.L</subfield></datafield><datafield ind1="1" ind2="0" tag="245"><subfield code="a">New developments in ferromagnetic materials</subfield><subfield code="b">With introductory chapters on the statics and the dynamics of ferromagnetism</subfield><subfield code="c">J.l. snoek</subfield></datafield><datafield ind1=" " ind2=" " tag="250"><subfield code="a">Second Revised And Enlarged Edition</subfield></datafield><datafield ind1=" " ind2=" " tag="260"><subfield code="a">New York</subfield><subfield code="b">Elsevier Publishing Company, Inc</subfield><subfield code="c">1949</subfield></datafield><datafield ind1=" " ind2=" " tag="300"><subfield code="a">VIII + 139 P. + 52 FIG</subfield></datafield><datafield ind1=" " ind2=" " tag="852"><subfield code="a">581</subfield><subfield code="c">538.221</subfield></datafield><datafield ind1=" " ind2=" " tag="CAT"><subfield code="a">Sys</subfield><subfield code="c">20110916</subfield><subfield code="h">132143</subfield></datafield></record></collection>